@article{art1,
  author  = {
    Butti, G.
    and Di Mattia, A.
    and Gabrielli, I.
    and Giudice, P. 
    and Livelli, F. 
    and Mauceli, C. 
    and Perseu, Y.
    and Querzoni, L. 
    and Scozzari, S.
    and Manzoni, A.
  },
  title   = {Rapporto Clusit sulla Sicurezza Informatica},
  year    = {2022},
  note = {Accessed: 2023-11-10}
}


@misc{Malware,
  author  = "malwarebytes",
  title = "Malware",
  howpublished = {https://it.malwarebytes.com/malware/},
  note = {Accessed: 2023-11-10}
}


@misc{attaccoDDOS,
  author  = "cloudflare",
  title = "Definire un attacco DDoS",
  howpublished = {\url{https://www.cloudflare.com/it-it/learning/ddos/what-is-a-ddos-attack/}},
  note = {Accessed: 2023-11-10}
}



@misc{attaccoZeroDay,
  author  = "AVG",
  title = "Attacchi zero-day",
  howpublished = {\url{https://www.avg.com/it/signal/zero-day-attack}},
  note = {Accessed: 2023-11-10}
}



@misc{attaccoZeroDayRecente,
  author  = "cybersecurity360",
  title = "Allerta per una zero-day su Cisco IOS XE",
  howpublished = {https://www.cybersecurity360.it/nuove-minacce/allerta-per-una-zero-day-su-cisco-ios-xe-oltre-1-600-i-dispositivi-di-rete-esposti-in-italia/},
  note = {Accessed: 2023-11-10}
}


@misc{MITRE&CVE,
  author  = "cynet",
  title = "MITRE",
  howpublished = {\url{https://www.cynet.com/it/mitre-cose-a-cosa-serve-facciamo-chiarezza/}},
  note = {Accessed: 2023-11-10}
}



@misc{CVE,
  author  = "wikipedia",
  title = "CVE",
  howpublished = {\url{https://it.wikipedia.org/wiki/Common_Vulnerabilities_and_Exposures}},
  note = {Accessed: 2023-11-10}
}

@article{rischiodigitale,
  author  = {
      Agresti, E.
      and Antonelli, L.
      and Ariu, D.
      and Barboni, S. 
      and Belluzzo, G. 
      and Bosis, A. 
      and Perseu, Y.
      and Querzoni, L. 
      and Scozzari, S.
      and Manzoni, A.
      and Bucciarelli F. 
      and Butti G.
      and Caccia A.
      and Carnelli D.
      and Castello A.
      and Ceccon M.
      and Ciclosi F.
      and Colombo L.
      and Corona I.
      and Cresci R.
      and Crociani M.
      and Cusello G.
      and Diomede N.
      and Dursi E.
      and Ferretti A.
      and Ferretti E.
      and Fumagalli G.
      and Gaia C. 
      and Gatti C.
      and Guastone C.
      and Locatelli M.
      and Magri M.
      and Manco L.
      and Manconi D.
      and Mariotti A.
      and Mauceli C.
      and Mauro L.
      and Menna S. 
      and Meroni P.
      and Modena R. 
      and Mudu E.
      and Panza P.
      and Parrinello I.
      and Pastore M.
      and Perugini M.
      and Ranza R.
      and Ravizza A.
      and Rui A.
      and Sambucci L. 
      and Saulli F.
      and Sferlazza P.
      and Sotira N.
      and Spreafico G.
      and Tordi R.
      and Troiano G.
      and Vaciago E.
      and Zammarchi L.
  },
  title   = {Rapporto Clusit, Rischio digitale Innovazione e Resilienza},
  year    = {2022},
  note = {Accessed: 2023-11-10}
}

@misc{Top10,
  author  = "OWASP",
  title = "OWASP TOP 10",
  howpublished = {\url{https://owasp.org/Top10/it/}},
  note = {Accessed: 2023-11-10}
}


@article{Autenticazione2fattori,
  author  = "cybersecurity360",
  title = "Autenticazione a due fattori",
  howpublished = {\url{https://www.cybersecurity360.it/soluzioni-aziendali/autenticazione-a-due-fattori-cose-come-e-perche-usarla-per-google-facebook-instagram-e-altri/
}},
  note = {Accessed: 2023-11-10}
}


@misc{gdpr,
  author  = "garanteprivacy",
  title = "garante per la protezione dei dati personali",
  howpublished = {\url{https://www.garanteprivacy.it/home/principi-fondamentali-del-trattamento}},
  note = {Accessed: 2023-11-10}
}


@misc{gdpr2,
  author  = "wikipedia",
  title = "Regolamento generale sulla protezione dei dati",
  howpublished = {\url{https://it.wikipedia.org/wiki/Regolamento_generale_sulla_protezione_dei_dati}},
  note = {Accessed: 2023-11-10}
}



@article{NIST,
  author  = "cybersecurity360",
  title = "NIST Cybersecurity Framework",
  howpublished = {\url{https://www.cybersecurity360.it/soluzioni-aziendali/nist-cybersecurity-framework-come-valutare-il-profilo-cyber-di-unorganizzazione/}},
  note = {Accessed: 2023-11-10}
}

@misc{DevSecOps,
  author  = "AWS",
  title = "Cos'Ã¨ DevSecOps?",
  howpublished = {\url{https://aws.amazon.com/it/what-is/devsecops/}},
  note = {Accessed: 2023-11-10}
}


@misc{DevSecOps2,
  author  = "UniverseIT",
  title = "DevSecOps?",
  howpublished = {\url{https://universeit.blog/devsecops-development-security-operations/}},
  note = {Accessed: 2023-11-10}
}

@misc{Jenkins,
  author  = "geekandjob",
  title = "Jenkins",
  howpublished = {\url{https://www.geekandjob.com/wiki/jenkins}},
  note = {Accessed: 2023-11-10}
}


@misc{Snyk,
  author  = "trend",
  title = "Snyk",
  howpublished = {\url{https://www.trendmicro.com/it_it/snyk.html}},
  note = {Accessed: 2023-11-10}
}


@misc{Dependency-Check,
  author  = "OWASP",
  title = "Controllo delle dipendenze OWASP",
  howpublished = {\url{https://owasp.org/www-project-dependency-check/}},
  note = {Accessed: 2023-11-10}
}

@misc{OWASP_ZAP,
  author  = "OWASP Zed Attack Proxy",
  title = "OWASP Zed Attack Proxy",
  howpublished = {\url{https://oscat.regione.toscana.it/catalogo-prodotti-open-source/vulnerability-assessment-web-app/owasp-zed-attack-proxy}},
  note = {Accessed: 2023-11-10}
}

@misc{servizi_cloud,
  author  = "redhat",
  title = "Categorie di servizi del Cloud Computing",
  howpublished = {\url{https://www.redhat.com/it/topics/cloud-computing/public-cloud-vs-private-cloud-and-hybrid-cloud#:~:text=Esistono%20quattro%20tipi%20principali%20di,a%2DService%20(SaaS).}},
  note = {Accessed: 2023-11-10}
}
